@Book{		  knu98:ar3,
  author	= {Knuth, D. E.},
  title		= {The Art of Computer Programming: Sorting and Searching},
  publisher	= {Addision Wesley},
  address	= {Boston},
  year		= 1998,
  volume	= 3
}
